@Comment Mozilla rr Paper, we really love RR

@article{DBLP:journals/corr/OCallahanJFHNP17,
  author    = {Robert O'Callahan and
               Chris Jones and
               Nathan Froyd and
               Kyle Huey and
               Albert Noll and
               Nimrod Partush},
  title     = {Engineering Record And Replay For Deployability: Extended Technical
               Report},
  journal   = {CoRR},
  volume    = {abs/1705.05937},
  year      = {2017},
  url       = {http://arxiv.org/abs/1705.05937},
  archivePrefix = {arXiv},
  eprint    = {1705.05937},
  timestamp = {Mon, 13 Aug 2018 16:49:11 +0200},
  biburl    = {https://dblp.org/rec/journals/corr/OCallahanJFHNP17.bib},
  bibsource = {dblp computer science bibliography, https://dblp.org}
}

@Comment GDB Manual

@manual{gdbman,
title = {Debugging with GDB},
year = 2020,
language = {English},
version = {Version 10.0.50.20200307-git},
organization = {Free Software Foundation},
pubstate = {March 7, 2020},
}

@Comment Debugging paper one--debugging framework

@inproceedings{10.1145/3286960.3286970,
author = {Li, Chen and Chan, Emily and Denny, Paul and Luxton-Reilly, Andrew and Tempero, Ewan},
title = {Towards a Framework for Teaching Debugging},
year = {2019},
isbn = {9781450366229},
publisher = {Association for Computing Machinery},
address = {New York, NY, USA},
url = {https://doi.org/10.1145/3286960.3286970},
doi = {10.1145/3286960.3286970},
booktitle = {Proceedings of the Twenty-First Australasian Computing Education Conference},
pages = {79–86},
numpages = {8},
keywords = {introductory programming, debugging, novice, troubleshooting},
location = {Sydney, NSW, Australia},
series = {ACE ’19}
}

@Comment Debugging paper two--does teaching debugging work?  Yes, yes it does.

@inproceedings{10.1145/3361721.3361724,
author = {Michaeli, Tilman and Romeike, Ralf},
title = {Improving Debugging Skills in the Classroom: The Effects of Teaching a Systematic Debugging Process},
year = {2019},
isbn = {9781450377041},
publisher = {Association for Computing Machinery},
address = {New York, NY, USA},
url = {https://doi.org/10.1145/3361721.3361724},
doi = {10.1145/3361721.3361724},
booktitle = {Proceedings of the 14th Workshop in Primary and Secondary Computing Education},
articleno = {Article 15},
numpages = {7},
keywords = {CS education, intervention study, teaching practice, debugging},
location = {Glasgow, Scotland, Uk},
series = {WiPSCE’19}
}

@Comment PANDA, qemu whole system capture.
@Comment uses ND log to record IN., INT., DMA.
@Comment does architecture neutral analysis by analyzing LLVM code instead of, say, x86 instructions.
@Comment pg5 3.1 "tap points"

@inproceedings{10.1145/2843859.2843867,
author = {Dolan-Gavitt, Brendan and Hodosh, Josh and Hulin, Patrick and Leek, Tim and Whelan, Ryan},
title = {Repeatable Reverse Engineering with PANDA},
year = {2015},
isbn = {9781450336420},
publisher = {Association for Computing Machinery},
address = {New York, NY, USA},
url = {https://doi.org/10.1145/2843859.2843867},
doi = {10.1145/2843859.2843867},
booktitle = {Proceedings of the 5th Program Protection and Reverse Engineering Workshop},
articleno = {4},
numpages = {11},
keywords = {Introspection, record/replay, instrumentation},
location = {Los Angeles, CA, USA},
series = {PPREW-5}
}

@Comment address space vis tool--it works

@inproceedings{10.1145/3328778.3366894,
author = {Walker, James and Wang, Man and Carr, Steve and Mayo, Jean and Shene, Ching-Kuang},
title = {A System for Visualizing the Process Address Space in the Context of Teaching Secure Coding in C},
year = {2020},
isbn = {9781450367936},
publisher = {Association for Computing Machinery},
address = {New York, NY, USA},
url = {https://doi.org/10.1145/3328778.3366894},
doi = {10.1145/3328778.3366894},
booktitle = {Proceedings of the 51st ACM Technical Symposium on Computer Science Education},
pages = {1033–1039},
numpages = {7},
location = {Portland, OR, USA},
series = {SIGCSE ’20}
}

@Comment Debugging rarely taught

@article{doi:10.1080/08993400802114581,
author = { Renée   McCauley  and  Sue   Fitzgerald  and  Gary   Lewandowski  and  Laurie   Murphy  and  Beth   Simon  and  Lynda   Thomas  and  Carol   Zander },
title = {Debugging: a review of the literature from an educational perspective},
journal = {Computer Science Education},
volume = {18},
number = {2},
pages = {67-92},
year  = {2008},
publisher = {Routledge},
doi = {10.1080/08993400802114581},
URL = {https://doi.org/10.1080/08993400802114581},
eprint = {https://doi.org/10.1080/08993400802114581}
}

@Comment uk schools debugging "transferable skill"

@article{10.1145/2602484,
author = {Brown, Neil C. C. and Sentance, Sue and Crick, Tom and Humphreys, Simon},
title = {Restart: The Resurgence of Computer Science in UK Schools},
year = {2014},
issue_date = {June 2014},
publisher = {Association for Computing Machinery},
address = {New York, NY, USA},
volume = {14},
number = {2},
url = {https://doi.org/10.1145/2602484},
doi = {10.1145/2602484},
journal = {ACM Trans. Comput. Educ.},
month = jun,
articleno = {9},
numpages = {22},
keywords = {high school, Computer science education, teachers}
}

@Comment intro to debugging concepts.

@article{Bttcher2016DebuggingSD,
  title={Debugging students' debugging process},
  author={Axel B{\"o}ttcher and Veronika Thurner and Kathrin Schlierkamp and Daniela Zehetmeier},
  journal={2016 IEEE Frontiers in Education Conference (FIE)},
  year={2016},
  pages={1-7}
}

@Comment voluntary debugging tasks

@inproceedings{10.1145/971300.971310,
author = {Chmiel, Ryan and Loui, Michael C.},
title = {Debugging: From Novice to Expert},
year = {2004},
isbn = {1581137982},
publisher = {Association for Computing Machinery},
address = {New York, NY, USA},
url = {https://doi.org/10.1145/971300.971310},
doi = {10.1145/971300.971310},
booktitle = {Proceedings of the 35th SIGCSE Technical Symposium on Computer Science Education},
pages = {17–21},
numpages = {5},
keywords = {curriculum development, code review, CS1, debugging, computer programming},
location = {Norfolk, Virginia, USA},
series = {SIGCSE ’04}
}

@Comment Python Tutor

@misc{pythontutor,
author       = {Philip Guo},
title        = {{Python Tutor}},
month        = feb,
year         = 2020,
publisher    = {pgbovine},
url          = {https://github.com/pgbovine/OnlinePythonTutor/graphs/commit-activity}
}

@Comment Godbolt

@misc{godbolt,
author = {Matt Godbolt},
title = {{Compiler Explorer}},
month = may,
year = 2020,
publisher = {mattgodbolt},
url = {https://github.com/mattgodbolt/compiler-explorer}
}

@Comment GEF

@misc{gef,
author = {crazy rabbidz},
title = {{GDB Enhanced Features}},
month = may,
year = 2020,
publisher = {hugsy},
url = {https://github.com/hugsy/gef}
}

@Comment rr

@misc{rr-repo,
  author    = {Robert O'Callahan and
               Chris Jones and
               Nathan Froyd and
               Kyle Huey and
               Albert Noll and
               Nimrod Partush},
title = {{rr}},
month = dec,
year = 2019,
version = {5.3.0},
publisher = {Mozilla},
url = {https://github.com/mozilla/rr}
}

@misc{k8s,
	title = {Kubernetes {Documentation}},
	url = {https://kubernetes.io/docs/home/},
	abstract = {Kubernetes is an open source container orchestration engine for automating deployment, scaling, and management of containerized applications. The open source project is hosted by the Cloud Native Computing Foundation.},
	language = {en},
	urldate = {2020-11-18},
	journal = {Kubernetes},
}

@misc{do_managed_k8s,
	title = {Managed {Kubernetes} on {DigitalOcean}},
	url = {https://www.digitalocean.com/products/kubernetes/},
	abstract = {The simplest way to deploy and manage container workloads in the cloud.},
	language = {en},
	urldate = {2020-11-27},
}


@misc{socketio,
	title = {socketio/socket.io},
	copyright = {MIT License
        , 
      
        MIT License},
	url = {https://github.com/socketio/socket.io},
	abstract = {Realtime application framework (Node.JS server). Contribute to socketio/socket.io development by creating an account on GitHub.},
	urldate = {2020-11-27},
	publisher = {Socket.IO},
	month = nov,
	year = {2020},
	note = {original-date: 2010-03-11T18:24:48Z},
}

@misc{python_socketio,
	title = {miguelgrinberg/python-socketio},
	copyright = {MIT License
        , 
      
        MIT License},
	url = {https://github.com/miguelgrinberg/python-socketio},
	abstract = {Python Socket.IO server and client. Contribute to miguelgrinberg/python-socketio development by creating an account on GitHub.},
	urldate = {2020-11-27},
	author = {Grinberg, Miguel},
	month = nov,
	year = {2020},
	note = {original-date: 2015-07-15T06:17:03Z},
	keywords = {socket-io, socketio, socketio-server, websocket, long-polling, low-latency, web-server, python, asyncio, eventlet, gevent},
}